@article{bakuuti2013,
    author  = "水上 直紀 ほか",
    yomi    = "みずかみ　なおき",
    title   = "降りるべき局面の認識による1人麻雀プレイヤの4人麻雀への適用",
    journal = "第18回ゲームプログラミングワークショップ（GPW2013）",
    volume  = "31",
    number  = "3",
    pages   = "1-7",
    year       = "2013"
}

@inproceedings{kagaku,
    author     = "とつげき東北",
    title      = "",
    booktitle  = "おしえて!科学する麻雀",
    year       = "2009"
}

@inproceedings{kagaku2004,
    author     = "とつげき東北",
    title      = "",
    booktitle  = "科学する麻雀",
    year       = "2004"
}

@inproceedings{gendai,
    author     = "ネマタ",
    title      = "テンパイの技術",
    booktitle  = "勝つための現代麻雀技術論",
    year       = "2014"
}

@article{LinUCB_mahjong,
    title        = "LinUCBの1人麻雀への適用",
    journal      = "ゲームプログラミングワークショップ",
    author       = "中張 遼太郎 ほか",
    year       = "2013"
}

@article{UCB,
    title        = "Auer, P., Cesa-Bianchi, N. and Fischer, P.: Finite-time analysis of the multiarmed bandit problem, Machine learning, Vol. 47, No. 2-3, pp. 235–256 ,2002.",
    journal      = "",
    author       = "",
}

@article{LinUCB,
    title        = "Li, L., Chu, W., Langford, J. and Schapire, R. E.: A contextual-bandit approach to personalized news article recommendation, Proceedings of the 19th international conference on World wide web, ACM, pp. 661–670 ,2010.",
    journal      = "",
    author       = "",
}


@article{UCT,
    title        = "Kocsis, L. and Szepesv ́ari, C.: Bandit based monte-carlo planning, Machine Learning: ECML 2006, Springer, pp. 282–293 ,2006.",
    journal      = "",
    author       = "",
}

@article{zentsu,
    title        = "有効牌を数えて牌効率をあげる面前全ツッパ麻雀AIの性能評価",
    journal      = "研究報告ゲーム情報学",
    author       = "佐藤 諒 , 西村 夏夫 , 保木 邦仁",
}
@article{kitakawa,
    title        = "北川竜平:麻雀の牌譜からの打ち手評価関数の学習,Proceedings of 12th Game Programming Workshop ,2007.",
    journal      = "",
    author       = "",
}

@article{miki_UCT,
    title        = "三木理斗:UCT 探索による不完全情報下の行動決定,Proceedings of 14th Game Programming Workshop ,2009.",
    journal      = "",
    author       = "",
}

@article{miki,
    title        = "三木理斗:多人数不完全情報ゲームにおける最適行動決定に関する研究,修士論文,東京大学 ,2010.",
    journal      = "",
    author       = "",
}


@article{tenhou,
    title        = "角田慎吾,天鳳:http://tenhou.net/ ,2013.",
    journal      = "",
    author       = "",
}


@article{poker,
    title        = "Risk, N. A. and Szafron, D.: Using counterfactual regret minimization to create competitive multiplayer poker agents, Proceedings of the 9th International Conference on Autonomous Agents and Multiagent Systems: volume 1-Volume 1, International Foundation for Autonomous Agents and Multiagent Systems, pp. 159–166 (2010).",
    journal      = "",
    author       = "",
}

@article{hurui,
    title        = "古居敬大:相手の抽象化による多人数ポーカーの戦略の決定,修士論文,東京大学 ,2013.",
    journal      = "",
    author       = "",
}

@article{nmizu,
    title        = "nmizu,モンテカルロ法を用いた牌効率,コンピュータで鳳凰卓を目指すpart4,http://www.nicovideo.jp/watch/sm25236127,2014.",
    journal      = "",
    author       = "",
}

@article{gussan,
    title        = "ぐっさん,シャンテン内での手変わり まとめと補足,ぐっさんの麻雀研究日誌,http://g3gussan.blog64.fc2.com/.",
    journal      = "",
    author       = "",
}

@article{kmo2,
    title        = "kmo2,マッタリプログラミング日誌,http://kmo2.cocolog-nifty.com/prog/",
    journal      = "",
    author       = "",
}

@article{go,
    title        = "David Silver,Mastering the Game of Go with Deep Neural Networks and
Tree Search,http://kmo2.cocolog-nifty.com/prog/",
    journal      = "",
    author       = "",
}

@article{endou,
    title        = "遠藤雅伸,遠藤雅伸公式blog「ゲームの神様」,http://ameblo.jp/evezoo/",
    journal      = "",
    author       = "",
}

@article{mizukami,
    title        = "水上 直紀,多人数性を分割した教師付き学習による4人麻雀プログラムの実現,情報処理学会論文誌 Vol.55 No.11 2410–2420 (Nov. 2014)",
    journal      = "",
    author       = "",
}





